    @article{SVM003,
  title={Applications of support vector machine (SVM) learning in cancer genomics},
  author={Huang, Shujun and Cai, Nianguang and Pacheco, Pedro Penzuti and Narrandes, Shavira and Wang, Yang and Xu, Wayne},
  journal={Cancer genomics \& proteomics},
  volume={15},
  number={1},
  pages={41--51},
  year={2018},
  publisher={International Institute of Anticancer Research}
    }

    @article{ref10,
  title={个性化推荐算法设计},
  author={赵亮 {,}~ 胡乃静{,}~ 张守志},
  journal={计算机研究与发展},
  volume={39},
  number={8},
  pages={986--991},
  year={2002}
    }

    @article{1961,
  title={个性化推荐算法设计},
  author={赵亮{,}~ 胡乃静 张守志{,}~},
  journal={计算机研究与发展},
  volume={39},
  number={8},
  pages={986--991},
  year={2002}
    }

 @article{1993,
  title={Applications of support vector machine (SVM) learning in cancer genomics},
  author={Huang, Shujun and Cai, Nianguang and Pacheco, Pedro Penzuti and Narrandes, Shavira and Wang, Yang and Xu, Wayne},
  journal={Cancer genomics \& proteomics},
  volume={15},
  number={1},
  pages={41--51},
  year={2018},
  publisher={International Institute of Anticancer Research}
    }